@ARTICLE{Angulo:2013,
   author = {{Angulo}, R.~E. and {Hahn}, O. and {Abel}, T.},
    title = "{How closely do baryons follow dark matter on large scales?}",
  journal = {\mnras},
archivePrefix = "arXiv",
   eprint = {1301.7426},
 keywords = {cosmology: theory, large-scale structure of Universe},
     year = 2013,
    month = sep,
   volume = 434,
    pages = {1756-1764},
      doi = {10.1093/mnras/stt1135},
   adsurl = {http://adsabs.harvard.edu/abs/2013MNRAS.434.1756A},
  adsnote = {Provided by the SAO/NASA Astrophysics Data System}
}

@ARTICLE{Valkenburg:2017,
   author = {{Valkenburg}, W. and {Villaescusa-Navarro}, F.},
    title = "{Accurate initial conditions in mixed dark matter-baryon simulations}",
  journal = {\mnras},
archivePrefix = "arXiv",
   eprint = {1610.08501},
 keywords = {hydrodynamics, methods: numerical, large-scale structure of Universe},
     year = 2017,
    month = jun,
   volume = 467,
    pages = {4401-4409},
      doi = {10.1093/mnras/stx376},
   adsurl = {http://adsabs.harvard.edu/abs/2017MNRAS.467.4401V},
  adsnote = {Provided by the SAO/NASA Astrophysics Data System}
}

@ARTICLE{Paco:2018,
   author = {{Villaescusa-Navarro}, F. and {Banerjee}, A. and {Dalal}, N. and 
	{Castorina}, E. and {Scoccimarro}, R. and {Angulo}, R. and {Spergel}, D.~N.
	},
    title = "{The Imprint of Neutrinos on Clustering in Redshift Space}",
  journal = {\apj},
archivePrefix = "arXiv",
   eprint = {1708.01154},
 keywords = {cosmology: theory, large-scale structure of universe, neutrinos},
     year = 2018,
    month = jul,
   volume = 861,
      eid = {53},
    pages = {53},
      doi = {10.3847/1538-4357/aac6bf},
   adsurl = {http://adsabs.harvard.edu/abs/2018ApJ...861...53V},
  adsnote = {Provided by the SAO/NASA Astrophysics Data System}
}

@ARTICLE{OLeary:2012,
   author = {{O'Leary}, R.~M. and {McQuinn}, M.},
    title = "{The Formation of the First Cosmic Structures and the Physics of the z \~{} 20 Universe}",
  journal = {\apj},
archivePrefix = "arXiv",
   eprint = {1204.1344},
 keywords = {cosmology: theory, dark ages, reionization, first stars, galaxies: formation, galaxies: high-redshift, stars: Population III},
     year = 2012,
    month = nov,
   volume = 760,
      eid = {4},
    pages = {4},
      doi = {10.1088/0004-637X/760/1/4},
   adsurl = {http://adsabs.harvard.edu/abs/2012ApJ...760....4O},
  adsnote = {Provided by the SAO/NASA Astrophysics Data System}
}

@ARTICLE{Emberson:2018,
   author = {{Emberson}, J.~D. and {Frontiere}, N. and {Habib}, S. and {Heitmann}, K. and 
	{Larsen}, P. and {Finkel}, H. and {Pope}, A.},
    title = "{The Borg Cube Simulation: Cosmological Hydrodynamics with CRK-SPH}",
  journal = {arXiv e-prints},
archivePrefix = "arXiv",
   eprint = {1811.03593},
 keywords = {Astrophysics - Cosmology and Nongalactic Astrophysics},
     year = 2018,
    month = nov,
   adsurl = {http://adsabs.harvard.edu/abs/2018arXiv181103593E},
  adsnote = {Provided by the SAO/NASA Astrophysics Data System}
}

@ARTICLE{Schneider:2016,
   author = {{Schneider}, A. and {Teyssier}, R. and {Potter}, D. and {Stadel}, J. and 
	{Onions}, J. and {Reed}, D.~S. and {Smith}, R.~E. and {Springel}, V. and 
	{Pearce}, F.~R. and {Scoccimarro}, R.},
    title = "{Matter power spectrum and the challenge of percent accuracy}",
  journal = {\jcap},
archivePrefix = "arXiv",
   eprint = {1503.05920},
     year = 2016,
    month = apr,
   volume = 4,
      eid = {047},
    pages = {047},
      doi = {10.1088/1475-7516/2016/04/047},
   adsurl = {http://adsabs.harvard.edu/abs/2016JCAP...04..047S},
  adsnote = {Provided by the SAO/NASA Astrophysics Data System}
}

